<?xml version='1.0' encoding='utf-8'?>
<record xmlns="http://www.loc.gov/MARC21/slim" xmlns:xsi="http://www.w3.org/2001/XMLSchema-instance" xsi:schemaLocation="http://www.loc.gov/MARC21/slim http://www.loc.gov/standards/marcxml/schema/MARC21slim.xsd">
  <leader>00000cgm a2200397Ma 4500</leader>
  <controlfield tag="005">20121206160625.0</controlfield>
  <controlfield tag="006">m||||||||c||||||||</controlfield>
  <controlfield tag="007">cr |n|---||a|a</controlfield>
  <controlfield tag="007">vz |zazu|</controlfield>
  <controlfield tag="008">080405s1998    nyu047 g      o   vueng d</controlfield>
  <datafield tag="035" ind1=" " ind2=" ">
    <subfield code="a">(OCoLC)780753828</subfield>
  </datafield>
  <datafield tag="035" ind1=" " ind2=" ">
    <subfield code="a">(VaAlASP)aspahiv ASP1649688ahiv</subfield>
  </datafield>
  <datafield tag="040" ind1=" " ind2=" ">
    <subfield code="a">ALSTP</subfield>
    <subfield code="b">eng</subfield>
    <subfield code="c">ALSTP</subfield>
    <subfield code="d">MiU</subfield>
    <subfield code="d">VaAlASP</subfield>
  </datafield>
  <datafield tag="043" ind1=" " ind2=" ">
    <subfield code="a">n-us-mi</subfield>
  </datafield>
  <datafield tag="245" ind1="0" ind2="4">
    <subfield code="a">The rouge</subfield>
    <subfield code="h">[electronic resource] :</subfield>
    <subfield code="b">the factory and the workers /</subfield>
    <subfield code="c">by Kingberry Productions in Association with WDIV-TV.</subfield>
  </datafield>
  <datafield tag="260" ind1=" " ind2=" ">
    <subfield code="a">New York, NY :</subfield>
    <subfield code="b">Filmakers Library,</subfield>
    <subfield code="c">1998.</subfield>
  </datafield>
  <datafield tag="300" ind1=" " ind2=" ">
    <subfield code="a">1 online resource (47 min.).</subfield>
  </datafield>
  <datafield tag="490" ind1="0" ind2=" ">
    <subfield code="a">American history in video</subfield>
  </datafield>
  <datafield tag="500" ind1=" " ind2=" ">
    <subfield code="a">Title from resource description page (viewed May 24, 2011).</subfield>
  </datafield>
  <datafield tag="520" ind1=" " ind2=" ">
    <subfield code="a">When it was built in 1918, the Ford motor plant in Detroit was the largest industrial complex in the world. The plant was the embodiment of Henry Ford's vision to build cars that every American working man could afford to buy. Using old footage, The Rouge captures the flavor of the early part of the century when thousands of workers flocked to Detroit in search of a better life. They came from Europe, from Mexico, and the southern United States to work on the assembly line. The Rouge became an important part of labor history from the time it was built until the time it was organized by the United Auto Workers in 1941. When the Depression hit the country, the Rouge workers were laid off and suffered in great numbers. At the height of the depression, five workers were killed outside of the plant's gates while participating in a hunger march. In another labor incident, Walter Reuther and other United Auto Workers organizers were beaten up by Ford s security guard in an incident known as the Battle of the Overpass. Through archival footage and first-hand accounts by the Italian, Ukranian, Mexican, African American and Irish who spent their lives in the factory, the struggle of the workers is made vivid for a new generation.</subfield>
  </datafield>
  <datafield tag="521" ind1=" " ind2=" ">
    <subfield code="a">For High School; College; Adult audiences.</subfield>
  </datafield>
  <datafield tag="530" ind1=" " ind2=" ">
    <subfield code="a">Previously released as DVD.</subfield>
  </datafield>
  <datafield tag="533" ind1=" " ind2=" ">
    <subfield code="a">Electronic reproduction.</subfield>
    <subfield code="b">Alexandria, VA :</subfield>
    <subfield code="c">Alexander Street Press,</subfield>
    <subfield code="d">2011.</subfield>
    <subfield code="f">(American history in video).</subfield>
    <subfield code="n">Available via World Wide Web.</subfield>
  </datafield>
  <datafield tag="546" ind1=" " ind2=" ">
    <subfield code="a">This edition in English.</subfield>
  </datafield>
  <datafield tag="610" ind1="2" ind2="0">
    <subfield code="a">Ford Motor Company.</subfield>
  </datafield>
  <datafield tag="650" ind1=" " ind2="0">
    <subfield code="a">Automobile industry workers</subfield>
    <subfield code="z">Michigan</subfield>
    <subfield code="z">Detroit</subfield>
    <subfield code="x">History.</subfield>
  </datafield>
  <datafield tag="651" ind1=" " ind2="0">
    <subfield code="a">Detroit (Mich.)</subfield>
  </datafield>
  <datafield tag="655" ind1=" " ind2="7">
    <subfield code="a">Documentary films.</subfield>
    <subfield code="2">lcgft</subfield>
  </datafield>
  <datafield tag="655" ind1=" " ind2="7">
    <subfield code="a">Nonfiction films.</subfield>
    <subfield code="2">lcgft</subfield>
  </datafield>
  <datafield tag="710" ind1="2" ind2=" ">
    <subfield code="a">Alexander Street Press.</subfield>
  </datafield>
  <datafield tag="710" ind1="2" ind2=" ">
    <subfield code="a">WDIV-TV (Television station : Detroit, Mich.)</subfield>
  </datafield>
  <datafield tag="710" ind1="2" ind2=" ">
    <subfield code="a">Kingberry Productions.</subfield>
  </datafield>
  <datafield tag="730" ind1="0" ind2=" ">
    <subfield code="a">American history in video.</subfield>
  </datafield>
  <datafield tag="776" ind1="1" ind2=" ">
    <subfield code="c">Original</subfield>
    <subfield code="w">(OCoLC)747798116</subfield>
  </datafield>
  <datafield tag="856" ind1="4" ind2="0">
    <subfield code="z">Access to the Alexander Street Press online version restricted; authentication may be required:</subfield>
    <subfield code="u">http://www.aspresolver.com/aspresolver.asp?AHIV;1649688</subfield>
  </datafield>
  <datafield tag="997" ind1=" " ind2=" ">
    <subfield code="a">MARS</subfield>
  </datafield>
  <datafield tag="998" ind1=" " ind2=" ">
    <subfield code="c">aspahiv-dld ERLoad20121119</subfield>
  </datafield>
  <datafield tag="969" ind1="8" ind2="8">
    <subfield code="a">incoming 001</subfield>
    <subfield code="b">ASP1649688/ahiv</subfield>
    <subfield code="c">incoming 003</subfield>
    <subfield code="d">VaAlASP</subfield>
    <subfield code="e">aspahiv_12a</subfield>
  </datafield>
</record>
